% Encoding: UTF-8

@Book{LiuHaiYang,
  title     = {LaTeX入门},
  publisher = {电子工业出版社},
  year      = {2013},
  author    = {刘海洋},
}

@Book{cpp,
	title     = {C++ Primer Plus（第六版）中文版},
	publisher = {人民邮电出版社},
	year      = {2012},
}

@Book{BaiZhongYing,
  title     = {计算机组成原理},
  publisher = {科学出版社},
  year      = {2013},
  author    = {白中英，戴志涛},
}

@Misc{yinyongwangye,
  author       = {CoderHustlion},
  title        = {LaTeX的BibTeX引用网页的办法},
  howpublished = {\url{https://blog.csdn.net/techfield/article/details/19933589}},
  note         = {2014.02.25},
}

@Misc{ZiTiDaXiao,
  author       = {ShalomGideon},
  title        = {Latex设置字体大小},
  howpublished = {\url{https://www.jianshu.com/p/ad400d7fe885}},
  note         = {2017.03.29},
}


@Misc{fushu,
	author       = {维基百科},
	title        = {{复数 (数学)}},
	howpublished = "\url{https://zh.wikipedia.org/wiki/%E5%A4%8D%E6%95%B0_(%E6%95%B0%E5%AD%A6)}",
}

@Misc{chongzai,
	author       = {维基百科},
	title        = {{运算符重载}},
	howpublished = "\url{https://zh.wikipedia.org/wiki/%E8%BF%90%E7%AE%97%E7%AC%A6%E9%87%8D%E8%BD%BD}",
}


@Misc{xuhanshu,
	author       = {维基百科},
	title        = {{虚函数}},
	howpublished = "\url{https://zh.wikipedia.org/wiki/%E8%99%9A%E5%87%BD%E6%95%B0_(%E7%A8%8B%E5%BA%8F%E8%AF%AD%E8%A8%80)}",
}

@Misc{jicheng,
	author       = {菜鸟教程},
	title        = {{C++ 继承}},
	howpublished = "\url{http://www.runoob.com/cplusplus/cpp-inheritance.html}",
}


@Misc{jiekou,
	author       = {菜鸟教程},
	title        = {{C++ 接口（抽象类）}},
	howpublished = "\url{http://www.runoob.com/cplusplus/cpp-interfaces.html}",
}


@Misc{overload,
  author       = {MSDN 文档},
  title        = {{运算符重载}},
  howpublished = "\url{https://docs.microsoft.com/zh-cn/cpp/cpp/operator-overloading#nonredefinable-operators}",
  note         = "2016.11.04",
}


@Misc{rulu_overload,
	author       = {MSDN 文档},
	title        = {{运算符重载一般规则}},
	howpublished = "\url{https://docs.microsoft.com/zh-cn/cpp/cpp/general-rules-for-operator-overloading}",
	note         = "2016.11.04",
}




@Misc{for_range,
	author       = {cppreference},
	title        = {{基于范围的 for 循环}},
	howpublished = "\url{http://zh.cppreference.com/w/cpp/language/range-for}",

}
@Comment{jabref-meta: databaseType:bibtex;}
