% Encoding: UTF-8

@Book{LiuHaiYang,
  title     = {LaTeX入门},
  publisher = {电子工业出版社},
  year      = {2013},
  author    = {刘海洋},
}

@Book{BaiZhongYing,
  title     = {计算机组成原理},
  publisher = {科学出版社},
  year      = {2013},
  author    = {白中英，戴志涛},
}

@Misc{yinyongwangye,
  author       = {CoderHustlion},
  title        = {LaTeX的BibTeX引用网页的办法},
  howpublished = {\url{https://blog.csdn.net/techfield/article/details/19933589}},
  note         = {2014.02.25},
}

@Misc{ZiTiDaXiao,
  author       = {ShalomGideon},
  title        = {Latex设置字体大小},
  howpublished = {\url{https://www.jianshu.com/p/ad400d7fe885}},
  note         = {2017.03.29},
}

@Misc{ZuoZheXinXi,
  author       = {且歌且行},
  title        = {Latex写作会议论文中多位作者、机构的排版},
  howpublished = {\url{https://blog.csdn.net/inter_xuxing/article/details/8124391}},
  note         = {2012.10.29},
}

@Misc{JiaoZhu,
	author       = {xiazdong},
	title        = {【LaTeX入门】15、在文章中添加脚注},
	howpublished = {\url{https://https://blog.csdn.net/xiazdong/article/details/8899213}},
	note         = {2013.05.08},
}

@Comment{jabref-meta: databaseType:bibtex;}
